@book{blahut1983theory,
  title={Theory and Practice of Error Control Codes},
  author={Blahut, R.E.},
  isbn={9780201101027},
  lccn={82011441},
  url={https://books.google.fi/books?id=vuVQAAAAMAAJ},
  year={1983},
  publisher={Addison-Wesley Publishing Company}
}

@book{blahut2003algebraic,
  title={Algebraic Codes for Data Transmission},
  author={Blahut, R.E.},
  isbn={9781139435079},
  url={https://books.google.fi/books?id=4fWUAwAAQBAJ},
  year={2003},
  publisher={Cambridge University Press}
}

@book{bose2008information,
  title={Information Theory, Coding and Cryptography},
  author={Bose, R.},
  isbn={9780070669017},
  url={https://books.google.fi/books?id=AizEjrRIEHYC},
  year={2008},
  publisher={Tata McGraw-Hill Publishing Company lim.}
}

@book{bossert1999channel,
  title={Channel Coding for Telecommunications},
  author={Bossert, M.},
  isbn={9780471982777},
  lccn={99032323},
  url={https://books.google.fi/books?id=MfdSAAAAMAAJ},
  year={1999},
  publisher={John Wiley \& Sons, Inc.}
}

@book{geisel1990tutorial,
  title={Tutorial on Reed-Solomon Error Correction Coding},
  author={Geisel, W.A. and United States. National Aeronautics and Space Administration and Lyndon B. Johnson Space Center},
  series={NASA technical memorandum},
  url={https://books.google.fi/books?id=Uys2AQAAMAAJ},
  year={1990},
  publisher={National Aeronautics and Space Administration, Lyndon B. Johnson Space Center}
}

