@book{blahut2003algebraic,
  title={Algebraic Codes for Data Transmission},
  author={Blahut, R.E.},
  isbn={9781139435079},
  url={https://books.google.fi/books?id=4fWUAwAAQBAJ},
  year={2003},
  publisher={Cambridge University Press}
}
