@book{blahut1983theory,
  title={Theory and Practice of Error Control Codes},
  author={Blahut, R.E.},
  isbn={9780201101027},
  lccn={82011441},
  url={https://books.google.fi/books?id=vuVQAAAAMAAJ},
  year={1983},
  publisher={Addison-Wesley Publishing Company}
}
