@book{bose2008information,
  title={Information Theory, Coding and Cryptography},
  author={Bose, R.},
  isbn={9780070669017},
  url={https://books.google.fi/books?id=AizEjrRIEHYC},
  year={2008},
  publisher={Tata McGraw-Hill}
}
