@book{bossert1999channel,
  title={Channel Coding for Telecommunications},
  author={Bossert, M.},
  isbn={9780471982777},
  lccn={99032323},
  url={https://books.google.fi/books?id=MfdSAAAAMAAJ},
  year={1999},
  publisher={Wiley}
}
