@book{geisel1990tutorial,
  title={Tutorial on Reed-Solomon Error Correction Coding},
  author={Geisel, W.A. and United States. National Aeronautics and Space Administration and Lyndon B. Johnson Space Center},
  series={NASA technical memorandum},
  url={https://books.google.fi/books?id=Uys2AQAAMAAJ},
  year={1990},
  publisher={National Aeronautics and Space Administration, Lyndon B. Johnson Space Center}
}
