@book{hill1986first,
  title={A First Course in Coding Theory},
  author={Hill, R.},
  isbn={9780198538035},
  lccn={85021588},
  series={Oxford Applied Linguistics},
  url={https://books.google.fi/books?id=UTxjBX9lKoMC},
  year={1986},
  publisher={Clarendon Press}
}
