@article{hocquenghem1999codes,
  title={Codes correcteurs dâ€™rreurs},
  author={Hocquenghem, A.},
  journal={Chiffers},
  volume={2},
  pages={147--156},
  year={1959}
}
