@book{lidl1998applied,
  title={Applied Abstract Algebra},
  author={Lidl, R. and Pilz, G.},
  isbn={9780387982908},
  lccn={97022883},
  series={Undergraduate Texts in Mathematics},
  url={https://books.google.fi/books?id=_49AmSWo4_AC},
  year={1998},
  publisher={Springer-Verlag New York}
}
