@book{Lint1999introduction,
  title={Introduction to Coding Theory},
  author={Lint, J.H. van},
  isbn={9783540641339},
  lccn={98048080},
  series={Graduate Texts in Mathematics},
  url={https://books.google.fi/books?id=tvQhRUFh7EwC},
  year={1999},
  publisher={Springer-Verlag Berlin Heidelberg}
}
