@book{mackay2003information,
  title={Information Theory, Inference and Learning Algorithms},
  author={MacKay, D.J.C.},
  isbn={9780521642989},
  lccn={2003055133},
  url={https://books.google.fi/books?id=AKuMj4PN_EMC},
  year={2003},
  publisher={Cambridge University Press}
}
