@article{massey2003shift,
  title={Shift-register synthesis and BCH decoding},
  author={Massey, J.},
  journal={IEEE Transactions on Information Theory},
  volume={15},
  number={1},
  pages={122--127},
  year={2003},
  publisher={IEEE},
  doi={doi:10.1109/TIT.1969.1054260}
}
