@book{wicker1999reed,
  title={Reed-Solomon Codes and Their Applications},
  author={Wicker, S.B. and Bhargava, V.K.},
  isbn={9780780353916},
  lccn={94003160},
  url={https://books.google.fi/books?id=3EK7EAAAQBAJ},
  year={1999},
  publisher={Wiley}
}
