@comment{x-kbibtex-encoding=utf-8}

@book{blahut1983theory,
	author = {Blahut, R.E.},
	isbn = {9780201101027},
	lccn = {82011441},
	publisher = {Addison-Wesley Publishing Company},
	title = {Theory and Practice of Error Control Codes},
	url = {https://books.google.fi/books?id=vuVQAAAAMAAJ},
	year = {1983}
}

@book{blahut2003algebraic,
	author = {Blahut, R.E.},
	isbn = {9781139435079},
	publisher = {Cambridge University Press},
	title = {Algebraic Codes for Data Transmission},
	url = {https://books.google.fi/books?id=4fWUAwAAQBAJ},
	year = {2003}
}

@book{bose2008information,
	author = {Bose, R.},
	isbn = {9780070669017},
	publisher = {Tata McGraw-Hill},
	title = {Information Theory, Coding and Cryptography},
	url = {https://books.google.fi/books?id=AizEjrRIEHYC},
	year = {2008}
}

@book{bossert1999channel,
	author = {Bossert, M.},
	isbn = {9780471982777},
	lccn = {99032323},
	publisher = {Wiley},
	title = {Channel Coding for Telecommunications},
	url = {https://books.google.fi/books?id=MfdSAAAAMAAJ},
	year = {1999}
}

@book{geisel1990tutorial,
	author = {Geisel, W.A. and Aeronautics, United States. National and Administration, Space and Center, Lyndon B. Johnson Space},
	publisher = {National Aeronautics and Space Administration, Lyndon B. Johnson Space Center},
	series = {NASA technical memorandum},
	title = {Tutorial on Reed-Solomon Error Correction Coding},
	url = {https://books.google.fi/books?id=Uys2AQAAMAAJ},
	year = {1990}
}

@book{hill1986first,
	author = {Hill, R.},
	isbn = {9780198538035},
	lccn = {85021588},
	publisher = {Clarendon Press},
	series = {Oxford Applied Linguistics},
	title = {A First Course in Coding Theory},
	url = {https://books.google.fi/books?id=UTxjBX9lKoMC},
	year = {1986}
}

@article{hocquenghem1999codes,
	author = {Hocquenghem, A.},
	journal = {Chiffers},
	pages = {147–156},
	title = {Codes correcteurs d’Erreurs},
	volume = {2},
	year = {1959}
}

@book{lidl1998applied,
	author = {Lidl, R. and Pilz, G.},
	isbn = {9780387982908},
	lccn = {97022883},
	publisher = {Springer-Verlag},
	series = {Undergraduate Texts in Mathematics},
	title = {Applied Abstract Algebra},
	url = {https://books.google.fi/books?id=_49AmSWo4_AC},
	year = {1998}
}

@book{lint1999introduction,
	author = {Lint, J.H. van},
	isbn = {9783540641339},
	lccn = {98048080},
	publisher = {Springer-Verlag},
	series = {Graduate Texts in Mathematics},
	title = {Introduction to Coding Theory},
	url = {https://books.google.fi/books?id=tvQhRUFh7EwC},
	year = {1999}
}

@book{mackay2003information,
	author = {MacKay, D.J.C.},
	isbn = {9780521642989},
	lccn = {2003055133},
	publisher = {Cambridge University Press},
	title = {Information Theory, Inference and Learning Algorithms},
	url = {https://books.google.fi/books?id=AKuMj4PN_EMC},
	year = {2003}
}

@article{massey1969shift,
	author = {Massey, J.L.},
	doi = {10.1109/TIT.1969.1054260},
	journal = {IEEE Transactions on Information Theory},
	number = {1},
	pages = {122–127},
	publisher = {IEEE},
	title = {Shift-register synthesis and BCH decoding},
	volume = {15},
	year = {1969}
}

@book{trappe2006introduction,
	author = {Trappe, W. and Washington, L.C.},
	isbn = {9780131981997},
	lccn = {2005048930},
	publisher = {Pearson Prentice Hall},
	series = {Pearson Education},
	title = {Introduction to Cryptography: With Coding Theory},
	url = {https://books.google.fi/books?id=PFDIQgAACAAJ},
	year = {2006}
}

@book{wicker1999reed,
	author = {Wicker, S.B. and Bhargava, V.K.},
	isbn = {9780780353916},
	lccn = {94003160},
	publisher = {Wiley},
	title = {Reed-Solomon Codes and Their Applications},
	url = {https://books.google.fi/books?id=3EK7EAAAQBAJ},
	year = {1999}
}

